@book{brown2009complex,
  title="{Complex Variables and Applications}",
  author={Brown, J. and Churchill, R.},
  isbn={9780073051949},
  lccn={2007043490},
  series={Brown and Churchill series},
  url={https://books.google.com/books?id=ytJFAQAAIAAJ},
  year={2009},
  publisher={McGraw-Hill Education}
}

@misc{complex-notes,
  author = {Beck, M. and Marchesi, G. and Pixton, D. and Sabalka, L.},
  title = "{A First Course in Complex Analysis}",
  howpublished = "\href{https://matthbeck.github.io/complex.html}{\color{darkblue}Available online}", 
  note = "[Version 1.54]"
}